@article{he,
  title={COBS: Qualitatively constrained smoothing via linear programming},
  author={He, Xuming and Ng, Pin},
  journal={Computational Statistics},
  volume={14},
  number={3},
  pages={315--338},
  year={1999},
  publisher={Heidelberg: Physica-Verlag,[1992-}
}


@article{ng,
  title={A fast and efficient implementation of qualitatively constrained quantile smoothing splines},
  author={Ng, Pin and Maechler, Martin},
  journal={Statistical Modelling},
  volume={7},
  number={4},
  pages={315--328},
  year={2007},
  publisher={Sage Publications India Pvt. Ltd, B-42, Panchsheel Enclave, New Delhi}
}

@misc{dpi,
	title={School Staff: Salary, Position & Demographic Reports},
	author={DPI},
	howpublished="\url{https://dpi.wi.gov/cst/data-collections/staff/published-data}",
	year={2017},
	note="[Online; accessed 2017-02-22]"
}
